@misc{Source,
  Title                    = {Thesis example - hosted on GitHub},
  note                     = {(\url{https://github.com/GPMueller/mwe-tex})}
}